<?xml version="1.0" encoding="UTF-8"?><collection xmlns="http://www.loc.gov/MARC21/slim"><record><leader>00636nam--2200229-u-4500</leader><controlfield tag="001">000050715</controlfield><controlfield tag="002">20161230</controlfield><controlfield tag="005">20161230201048</controlfield><controlfield tag="008">080324s1000------------r-----000-0-eng-d</controlfield><datafield ind1=" " ind2=" " tag="020"><subfield code="a">3540428054</subfield></datafield><datafield ind1=" " ind2=" " tag="040"><subfield code="a">IFIN-HH</subfield></datafield><datafield ind1=" " ind2=" " tag="080"><subfield code="a">538.9:53.06</subfield></datafield><datafield ind1="1" ind2=" " tag="100"><subfield code="a">Masumoto,Y</subfield></datafield><datafield ind1="1" ind2="0" tag="245"><subfield code="a">Semiconductor Quantum Dots</subfield><subfield code="c">Y. Masumoto; T. Takagahara (Eds.)</subfield></datafield><datafield ind1=" " ind2=" " tag="260"><subfield code="a">Berlin</subfield><subfield code="b">Springer-Verlag</subfield><subfield code="c">2002</subfield></datafield><datafield ind1=" " ind2=" " tag="300"><subfield code="a">486 p</subfield></datafield><datafield ind1=" " ind2=" " tag="490"><subfield code="a">Nanoscience and Technology</subfield></datafield><datafield ind1=" " ind2=" " tag="504"><subfield code="a">Includes Bibliographical References and Index</subfield></datafield><datafield ind1=" " ind2="4" tag="650"><subfield code="a">Quantum Dots</subfield></datafield><datafield ind1="1" ind2=" " tag="700"><subfield code="a">Takagahara, T</subfield><subfield code="e">Ed</subfield></datafield><datafield ind1=" " ind2=" " tag="852"><subfield code="a">82044</subfield><subfield code="c">538.9</subfield></datafield><datafield ind1=" " ind2=" " tag="CAT"><subfield code="a">Sys</subfield><subfield code="c">20110104</subfield><subfield code="h">144316</subfield></datafield></record></collection>